@article{nyt1,
    author={Robertson, C.},
    date={2019},
    month={April},
    day={25},
    title={Crime Is Down, Yet U.S. Incarceration Rates Are Still Among the Highest in the World.},
    publisher={The New York Times},
    url={https://www.nytimes.com/2008/04/23/world/americas/23iht-23prison.12253738.html},
    addendum={Accessed 12 December, 2019}
}

@article{nyt2,
    author={Liptak, A.},
    date={2008},
    month={April},
    day={23},
    title={U.S. prison population dwarfs that of other nations.},
    publisher={The New York Times},
    url={https://www.nytimes.com/2008/04/23/world/americas/23iht-23prison.12253738.html},
    addendum={Accessed 12 December, 2019}
}

@report{bjs1,
    title={Data Collection: Annual Survey of Jails (ASJ).},
    publisher={Bureau of Justice Statistics},
    url={https://www.bjs.gov/index.cfm?ty=dcdetail&iid=261},
    addendum={Accessed 18 November, 2019}
}

@report{bjs2,
    title={Data Collection: Census of Jail Inmates.},
    publisher={Bureau of Justice Statistics},
    url={https://www.bjs.gov/index.cfm?ty=dcdetail&iid=404},
    addendum={Accessed 18 November, 2019}
}

@report{bjs3,
    title={Data Collection: Census of State and Federal Adult Correctional Facilities   (CSFACF).},
    publisher={Bureau of Justice Statistics},
    url={https://www.bjs.gov/index.cfm?ty=dcdetail&iid=255},
    addendum={Accessed 18 November, 2019}
}

@report{bjs4,
    author={Lansing,   M.},
    title={Sentenced Inmates in Correctional Facilities},
    publisher={Bureau of Justice Statistics},
    url={https://catalog.data.gov/dataset/sentenced-inmates-in-correctional-facilities},
    addendum={Accessed  2 December, 2019}
}

@article{kurt,
    author={Westfall, Peter H.},
    title={Kurtosis as Peakedness, 1905â€“2014. R.I.P.},
    publisher={The American Statistician},
    doi={10.1080/00031305.2014.917055},
    url={https://www.tandfonline.com/doi/full/10.1080/00031305.2014.917055?scroll=top&needAccess=true}
}

@online{eji,
    title={The Legacy Museum: From Enslavement to Mass Incarceration},
    url={eji.org.https://museumandmemorial.eji.org/museum},
    addendum={Accessed 12 December, 2019}
}